@Misc{osmPlanet,
  author = 	 {Open Street Map},
  title = 	 {{https://wiki.openstreetmap.org/wiki/Planet.osm}},
  note = {Accessed: 2022-07-14}
}

@Misc{andGem,
  author = 	 {AndGem},
  title = 	 {{https://github.com/AndGem/osm\_extract\_polygon}},
  note = {Accessed: 2022-07-14}
}

@Manual{GRASS_GIS_software,
    title = {Geographic Resources Analysis Support System (GRASS GIS) Software, Version 7.2},
    author = {{GRASS Development Team}},
    organization = {Open Source Geospatial Foundation},
    year = {2017},
    url = {http://grass.osgeo.org}
  }

@Misc{wikiIso,
  author = 	 {Wikipedia},
  title = 	 {{https://en.wikipedia.org/wiki/List\_of\_ISO\_3166\_country\_codes}},
  note = {Accessed: 2022-07-14}
}

@misc{sqlite2020hipp, 
  title={{SQLite}},
  url={https://www.sqlite.org/index.html},
  version={3.31.1},
  year={2020},
  author={Hipp, Richard D}
} 

@Manual{QGIS_software,
      title = {QGIS Geographic Information System},
      author = {{QGIS Development Team}},
      organization = {QGIS Association},
      year = {2022},
      url = {https://www.qgis.org},
    }

@Manual{gdal,
    title = {{GDAL/OGR} Geospatial Data Abstraction software Library},
    author = {{GDAL/OGR contributors}},
    organization = {Open Source Geospatial Foundation},
    year = {2020},
    url = {https://gdal.org},
} 